
@online{dataset,
	title = {Food insecurity by economic family type - Open Government Portal},
	url = {https://open.canada.ca/data/en/dataset/a98ab5ae-c484-41d0-815c-b71562ed0704},
	author = {Secretariat, Treasury Board of Canada and Secretariat, Treasury Board of Canada},
	urldate = {2023-09-26},
	file = {Snapshot:/Users/sujana27/Zotero/storage/D2LES2FK/a98ab5ae-c484-41d0-815c-b71562ed0704.html:text/html},
}

@online{utoronto,
	title = {New data on household food insecurity in 2022},
	url = {https://proof.utoronto.ca/2023/new-data-on-household-food-insecurity-in-2022/},
	author = {PROOF Administrator},
	urldate = {2023-09-26},
}

@online{plotnine,
	title = { A Grammar of Graphics for Python},
	url = {https://plotnine.readthedocs.io/en/v0.12.3/},
	author = {Plotnine},
	urldate = {2023-09-26},
}

@Manual{shinyapp,
    title = {shiny: Web Application Framework for R},
    author = {Winston Chang and Joe Cheng and JJ Allaire and Carson Sievert and Barret Schloerke and Yihui Xie and Jeff Allen and Jonathan McPherson and Alan Dipert and Barbara Borges},
    year = {2023},
    note = {R package version 1.7.5},
    url = {https://CRAN.R-project.org/package=shiny},
  }

@online{pandasdf,
	title = { Pandas},
	url = {https://pandas.pydata.org/},
	author = {Pandas},
	urldate = {2023-09-26},
}
